%YAML 1.1
%TAG !u! tag:unity3d.com,2011:
--- !u!1 &505980929724076761
GameObject:
  m_ObjectHideFlags: 0
  m_CorrespondingSourceObject: {fileID: 0}
  m_PrefabInstance: {fileID: 0}
  m_PrefabAsset: {fileID: 0}
  serializedVersion: 6
  m_Component:
  - component: {fileID: 505980929724076762}
  m_Layer: 5
  m_Name: TargetStorage
  m_TagString: Untagged
  m_Icon: {fileID: 0}
  m_NavMeshLayer: 0
  m_StaticEditorFlags: 0
  m_IsActive: 1
--- !u!4 &505980929724076762
Transform:
  m_ObjectHideFlags: 0
  m_CorrespondingSourceObject: {fileID: 0}
  m_PrefabInstance: {fileID: 0}
  m_PrefabAsset: {fileID: 0}
  m_GameObject: {fileID: 505980929724076761}
  m_LocalRotation: {x: 0, y: 0, z: 0, w: 1}
  m_LocalPosition: {x: 0, y: 62, z: 0}
  m_LocalScale: {x: 1, y: 1, z: 1}
  m_Children: []
  m_Father: {fileID: 1637837900213502030}
  m_RootOrder: 1
  m_LocalEulerAnglesHint: {x: 0, y: 0, z: 0}
--- !u!1 &505980930870691995
GameObject:
  m_ObjectHideFlags: 0
  m_CorrespondingSourceObject: {fileID: 0}
  m_PrefabInstance: {fileID: 0}
  m_PrefabAsset: {fileID: 0}
  serializedVersion: 6
  m_Component:
  - component: {fileID: 505980930870691996}
  - component: {fileID: 505980930870691999}
  - component: {fileID: 505980930870691998}
  - component: {fileID: 505980930870691997}
  m_Layer: 5
  m_Name: LeftBuildingPanel
  m_TagString: Untagged
  m_Icon: {fileID: 0}
  m_NavMeshLayer: 0
  m_StaticEditorFlags: 0
  m_IsActive: 1
--- !u!224 &505980930870691996
RectTransform:
  m_ObjectHideFlags: 0
  m_CorrespondingSourceObject: {fileID: 0}
  m_PrefabInstance: {fileID: 0}
  m_PrefabAsset: {fileID: 0}
  m_GameObject: {fileID: 505980930870691995}
  m_LocalRotation: {x: -0, y: -0, z: -0, w: 1}
  m_LocalPosition: {x: 0, y: 0, z: 0}
  m_LocalScale: {x: 1, y: 1, z: 1}
  m_Children:
  - {fileID: 4088904549980594256}
  - {fileID: 1637837900213502030}
  - {fileID: 1637837901025298062}
  - {fileID: 1637837900705815785}
  m_Father: {fileID: 0}
  m_RootOrder: 0
  m_LocalEulerAnglesHint: {x: 0, y: 0, z: 0}
  m_AnchorMin: {x: 0, y: 0}
  m_AnchorMax: {x: 0, y: 0}
  m_AnchoredPosition: {x: 0, y: -200}
  m_SizeDelta: {x: 530, y: 135}
  m_Pivot: {x: 0, y: 0}
--- !u!114 &505980930870691999
MonoBehaviour:
  m_ObjectHideFlags: 0
  m_CorrespondingSourceObject: {fileID: 0}
  m_PrefabInstance: {fileID: 0}
  m_PrefabAsset: {fileID: 0}
  m_GameObject: {fileID: 505980930870691995}
  m_Enabled: 1
  m_EditorHideFlags: 0
  m_Script: {fileID: 11500000, guid: 30649d3a9faa99c48a7b1166b86bf2a0, type: 3}
  m_Name: 
  m_EditorClassIdentifier: 
  m_Padding:
    m_Left: 25
    m_Right: 0
    m_Top: 10
    m_Bottom: 10
  m_ChildAlignment: 6
  m_Spacing: 17
  m_ChildForceExpandWidth: 0
  m_ChildForceExpandHeight: 1
  m_ChildControlWidth: 0
  m_ChildControlHeight: 1
  m_ChildScaleWidth: 0
  m_ChildScaleHeight: 0
  m_ReverseArrangement: 0
--- !u!222 &505980930870691998
CanvasRenderer:
  m_ObjectHideFlags: 0
  m_CorrespondingSourceObject: {fileID: 0}
  m_PrefabInstance: {fileID: 0}
  m_PrefabAsset: {fileID: 0}
  m_GameObject: {fileID: 505980930870691995}
  m_CullTransparentMesh: 1
--- !u!114 &505980930870691997
MonoBehaviour:
  m_ObjectHideFlags: 0
  m_CorrespondingSourceObject: {fileID: 0}
  m_PrefabInstance: {fileID: 0}
  m_PrefabAsset: {fileID: 0}
  m_GameObject: {fileID: 505980930870691995}
  m_Enabled: 1
  m_EditorHideFlags: 0
  m_Script: {fileID: 11500000, guid: fe87c0e1cc204ed48ad3b37840f39efc, type: 3}
  m_Name: 
  m_EditorClassIdentifier: 
  m_Material: {fileID: 0}
  m_Color: {r: 1, g: 1, b: 1, a: 1}
  m_RaycastTarget: 1
  m_RaycastPadding: {x: 0, y: 0, z: 0, w: 0}
  m_Maskable: 1
  m_OnCullStateChanged:
    m_PersistentCalls:
      m_Calls: []
  m_Sprite: {fileID: 21300000, guid: ba2206a07e61a2348adf8b20f26a8681, type: 3}
  m_Type: 0
  m_PreserveAspect: 1
  m_FillCenter: 1
  m_FillMethod: 4
  m_FillAmount: 1
  m_FillClockwise: 1
  m_FillOrigin: 0
  m_UseSpriteMesh: 0
  m_PixelsPerUnitMultiplier: 1
--- !u!1 &980483526404995556
GameObject:
  m_ObjectHideFlags: 0
  m_CorrespondingSourceObject: {fileID: 0}
  m_PrefabInstance: {fileID: 0}
  m_PrefabAsset: {fileID: 0}
  serializedVersion: 6
  m_Component:
  - component: {fileID: 5913346243505601513}
  m_Layer: 5
  m_Name: TargetStorage
  m_TagString: Untagged
  m_Icon: {fileID: 0}
  m_NavMeshLayer: 0
  m_StaticEditorFlags: 0
  m_IsActive: 1
--- !u!4 &5913346243505601513
Transform:
  m_ObjectHideFlags: 0
  m_CorrespondingSourceObject: {fileID: 0}
  m_PrefabInstance: {fileID: 0}
  m_PrefabAsset: {fileID: 0}
  m_GameObject: {fileID: 980483526404995556}
  m_LocalRotation: {x: 0, y: 0, z: 0, w: 1}
  m_LocalPosition: {x: 0, y: 62, z: 0}
  m_LocalScale: {x: 1, y: 1, z: 1}
  m_Children: []
  m_Father: {fileID: 4088904549980594256}
  m_RootOrder: 1
  m_LocalEulerAnglesHint: {x: 0, y: 0, z: 0}
--- !u!114 &3980550049172810429
MonoBehaviour:
  m_ObjectHideFlags: 0
  m_CorrespondingSourceObject: {fileID: 0}
  m_PrefabInstance: {fileID: 0}
  m_PrefabAsset: {fileID: 0}
  m_GameObject: {fileID: 1389706452693614376}
  m_Enabled: 1
  m_EditorHideFlags: 0
  m_Script: {fileID: 11500000, guid: 306cc8c2b49d7114eaa3623786fc2126, type: 3}
  m_Name: 
  m_EditorClassIdentifier: 
  m_IgnoreLayout: 1
  m_MinWidth: -1
  m_MinHeight: -1
  m_PreferredWidth: -1
  m_PreferredHeight: -1
  m_FlexibleWidth: -1
  m_FlexibleHeight: -1
  m_LayoutPriority: 1
--- !u!1001 &5055296979326799933
PrefabInstance:
  m_ObjectHideFlags: 0
  serializedVersion: 2
  m_Modification:
    m_TransformParent: {fileID: 505980930870691996}
    m_Modifications:
    - target: {fileID: 1829564319074191, guid: c9de00115af538747b8c2f2505711119, type: 3}
      propertyPath: m_Sprite
      value: 
      objectReference: {fileID: 21300000, guid: f5628d785e3849945a795cf7019ba397,
        type: 3}
    - target: {fileID: 610942808527372938, guid: c9de00115af538747b8c2f2505711119,
        type: 3}
      propertyPath: m_Name
      value: Storage
      objectReference: {fileID: 0}
    - target: {fileID: 6152268343349866261, guid: c9de00115af538747b8c2f2505711119,
        type: 3}
      propertyPath: m_Name
      value: ButtonCancel
      objectReference: {fileID: 0}
    - target: {fileID: 7834873900918160538, guid: c9de00115af538747b8c2f2505711119,
        type: 3}
      propertyPath: m_OnClick.m_PersistentCalls.m_Calls.Array.size
      value: 0
      objectReference: {fileID: 0}
    - target: {fileID: 7834873900918160538, guid: c9de00115af538747b8c2f2505711119,
        type: 3}
      propertyPath: m_OnClick.m_PersistentCalls.m_Calls.Array.data[0].m_Mode
      value: 6
      objectReference: {fileID: 0}
    - target: {fileID: 7834873900918160538, guid: c9de00115af538747b8c2f2505711119,
        type: 3}
      propertyPath: m_OnClick.m_PersistentCalls.m_Calls.Array.data[0].m_Target
      value: 
      objectReference: {fileID: 0}
    - target: {fileID: 7834873900918160538, guid: c9de00115af538747b8c2f2505711119,
        type: 3}
      propertyPath: m_OnClick.m_PersistentCalls.m_Calls.Array.data[0].m_CallState
      value: 2
      objectReference: {fileID: 0}
    - target: {fileID: 7834873900918160538, guid: c9de00115af538747b8c2f2505711119,
        type: 3}
      propertyPath: m_OnClick.m_PersistentCalls.m_Calls.Array.data[0].m_MethodName
      value: SetActive
      objectReference: {fileID: 0}
    - target: {fileID: 7834873900918160538, guid: c9de00115af538747b8c2f2505711119,
        type: 3}
      propertyPath: m_OnClick.m_PersistentCalls.m_Calls.Array.data[0].m_TargetAssemblyTypeName
      value: UnityEngine.GameObject, UnityEngine
      objectReference: {fileID: 0}
    - target: {fileID: 7834873900918160538, guid: c9de00115af538747b8c2f2505711119,
        type: 3}
      propertyPath: m_OnClick.m_PersistentCalls.m_Calls.Array.data[0].m_Arguments.m_BoolArgument
      value: 1
      objectReference: {fileID: 0}
    - target: {fileID: 7834873900918160538, guid: c9de00115af538747b8c2f2505711119,
        type: 3}
      propertyPath: m_OnClick.m_PersistentCalls.m_Calls.Array.data[0].m_Arguments.m_ObjectArgumentAssemblyTypeName
      value: UnityEngine.Object, UnityEngine
      objectReference: {fileID: 0}
    - target: {fileID: 7873753529269603040, guid: c9de00115af538747b8c2f2505711119,
        type: 3}
      propertyPath: m_PixelsPerUnitMultiplier
      value: 1.5
      objectReference: {fileID: 0}
    - target: {fileID: 7911933940876413102, guid: c9de00115af538747b8c2f2505711119,
        type: 3}
      propertyPath: m_SizeDelta.x
      value: 10
      objectReference: {fileID: 0}
    - target: {fileID: 7911933940876413102, guid: c9de00115af538747b8c2f2505711119,
        type: 3}
      propertyPath: m_SizeDelta.y
      value: 10
      objectReference: {fileID: 0}
    - target: {fileID: 7911933940876413102, guid: c9de00115af538747b8c2f2505711119,
        type: 3}
      propertyPath: m_AnchoredPosition.x
      value: 0
      objectReference: {fileID: 0}
    - target: {fileID: 9121672535852937325, guid: c9de00115af538747b8c2f2505711119,
        type: 3}
      propertyPath: m_Pivot.x
      value: 0.5
      objectReference: {fileID: 0}
    - target: {fileID: 9121672535852937325, guid: c9de00115af538747b8c2f2505711119,
        type: 3}
      propertyPath: m_Pivot.y
      value: 0.5
      objectReference: {fileID: 0}
    - target: {fileID: 9121672535852937325, guid: c9de00115af538747b8c2f2505711119,
        type: 3}
      propertyPath: m_RootOrder
      value: 0
      objectReference: {fileID: 0}
    - target: {fileID: 9121672535852937325, guid: c9de00115af538747b8c2f2505711119,
        type: 3}
      propertyPath: m_AnchorMax.x
      value: 0
      objectReference: {fileID: 0}
    - target: {fileID: 9121672535852937325, guid: c9de00115af538747b8c2f2505711119,
        type: 3}
      propertyPath: m_AnchorMax.y
      value: 1
      objectReference: {fileID: 0}
    - target: {fileID: 9121672535852937325, guid: c9de00115af538747b8c2f2505711119,
        type: 3}
      propertyPath: m_AnchorMin.x
      value: 0
      objectReference: {fileID: 0}
    - target: {fileID: 9121672535852937325, guid: c9de00115af538747b8c2f2505711119,
        type: 3}
      propertyPath: m_AnchorMin.y
      value: 1
      objectReference: {fileID: 0}
    - target: {fileID: 9121672535852937325, guid: c9de00115af538747b8c2f2505711119,
        type: 3}
      propertyPath: m_SizeDelta.x
      value: 113
      objectReference: {fileID: 0}
    - target: {fileID: 9121672535852937325, guid: c9de00115af538747b8c2f2505711119,
        type: 3}
      propertyPath: m_SizeDelta.y
      value: 115
      objectReference: {fileID: 0}
    - target: {fileID: 9121672535852937325, guid: c9de00115af538747b8c2f2505711119,
        type: 3}
      propertyPath: m_LocalPosition.x
      value: 0
      objectReference: {fileID: 0}
    - target: {fileID: 9121672535852937325, guid: c9de00115af538747b8c2f2505711119,
        type: 3}
      propertyPath: m_LocalPosition.y
      value: 0
      objectReference: {fileID: 0}
    - target: {fileID: 9121672535852937325, guid: c9de00115af538747b8c2f2505711119,
        type: 3}
      propertyPath: m_LocalPosition.z
      value: 0
      objectReference: {fileID: 0}
    - target: {fileID: 9121672535852937325, guid: c9de00115af538747b8c2f2505711119,
        type: 3}
      propertyPath: m_LocalRotation.w
      value: 1
      objectReference: {fileID: 0}
    - target: {fileID: 9121672535852937325, guid: c9de00115af538747b8c2f2505711119,
        type: 3}
      propertyPath: m_LocalRotation.x
      value: 0
      objectReference: {fileID: 0}
    - target: {fileID: 9121672535852937325, guid: c9de00115af538747b8c2f2505711119,
        type: 3}
      propertyPath: m_LocalRotation.y
      value: 0
      objectReference: {fileID: 0}
    - target: {fileID: 9121672535852937325, guid: c9de00115af538747b8c2f2505711119,
        type: 3}
      propertyPath: m_LocalRotation.z
      value: 0
      objectReference: {fileID: 0}
    - target: {fileID: 9121672535852937325, guid: c9de00115af538747b8c2f2505711119,
        type: 3}
      propertyPath: m_AnchoredPosition.x
      value: 81
      objectReference: {fileID: 0}
    - target: {fileID: 9121672535852937325, guid: c9de00115af538747b8c2f2505711119,
        type: 3}
      propertyPath: m_AnchoredPosition.y
      value: -67
      objectReference: {fileID: 0}
    - target: {fileID: 9121672535852937325, guid: c9de00115af538747b8c2f2505711119,
        type: 3}
      propertyPath: m_LocalEulerAnglesHint.x
      value: 0
      objectReference: {fileID: 0}
    - target: {fileID: 9121672535852937325, guid: c9de00115af538747b8c2f2505711119,
        type: 3}
      propertyPath: m_LocalEulerAnglesHint.y
      value: 0
      objectReference: {fileID: 0}
    - target: {fileID: 9121672535852937325, guid: c9de00115af538747b8c2f2505711119,
        type: 3}
      propertyPath: m_LocalEulerAnglesHint.z
      value: 0
      objectReference: {fileID: 0}
    m_RemovedComponents: []
  m_SourcePrefab: {fileID: 100100000, guid: c9de00115af538747b8c2f2505711119, type: 3}
--- !u!1 &1389706452693614376 stripped
GameObject:
  m_CorrespondingSourceObject: {fileID: 6152268343349866261, guid: c9de00115af538747b8c2f2505711119,
    type: 3}
  m_PrefabInstance: {fileID: 5055296979326799933}
  m_PrefabAsset: {fileID: 0}
--- !u!224 &4088904549980594256 stripped
RectTransform:
  m_CorrespondingSourceObject: {fileID: 9121672535852937325, guid: c9de00115af538747b8c2f2505711119,
    type: 3}
  m_PrefabInstance: {fileID: 5055296979326799933}
  m_PrefabAsset: {fileID: 0}
--- !u!1001 &7506502441492002531
PrefabInstance:
  m_ObjectHideFlags: 0
  serializedVersion: 2
  m_Modification:
    m_TransformParent: {fileID: 505980930870691996}
    m_Modifications:
    - target: {fileID: 1829564319074191, guid: c9de00115af538747b8c2f2505711119, type: 3}
      propertyPath: m_Sprite
      value: 
      objectReference: {fileID: 21300000, guid: 46fa77f07eb662d4489b306615970722,
        type: 3}
    - target: {fileID: 3921308265186634034, guid: c9de00115af538747b8c2f2505711119,
        type: 3}
      propertyPath: ClickSound
      value: 
      objectReference: {fileID: 8300000, guid: e988784b60f35974689532b5aa742b35, type: 3}
    - target: {fileID: 6152268343349866261, guid: c9de00115af538747b8c2f2505711119,
        type: 3}
      propertyPath: m_Name
      value: ButtonMove
      objectReference: {fileID: 0}
    - target: {fileID: 6152268343349866261, guid: c9de00115af538747b8c2f2505711119,
        type: 3}
      propertyPath: m_IsActive
      value: 1
      objectReference: {fileID: 0}
    - target: {fileID: 7873753529269603040, guid: c9de00115af538747b8c2f2505711119,
        type: 3}
      propertyPath: m_PixelsPerUnitMultiplier
      value: 1.5
      objectReference: {fileID: 0}
    - target: {fileID: 7911933940876413102, guid: c9de00115af538747b8c2f2505711119,
        type: 3}
      propertyPath: m_SizeDelta.x
      value: 10
      objectReference: {fileID: 0}
    - target: {fileID: 7911933940876413102, guid: c9de00115af538747b8c2f2505711119,
        type: 3}
      propertyPath: m_SizeDelta.y
      value: 10
      objectReference: {fileID: 0}
    - target: {fileID: 7911933940876413102, guid: c9de00115af538747b8c2f2505711119,
        type: 3}
      propertyPath: m_AnchoredPosition.x
      value: 0
      objectReference: {fileID: 0}
    - target: {fileID: 9121672535852937325, guid: c9de00115af538747b8c2f2505711119,
        type: 3}
      propertyPath: m_Pivot.x
      value: 0.5
      objectReference: {fileID: 0}
    - target: {fileID: 9121672535852937325, guid: c9de00115af538747b8c2f2505711119,
        type: 3}
      propertyPath: m_Pivot.y
      value: 0.5
      objectReference: {fileID: 0}
    - target: {fileID: 9121672535852937325, guid: c9de00115af538747b8c2f2505711119,
        type: 3}
      propertyPath: m_RootOrder
      value: 2
      objectReference: {fileID: 0}
    - target: {fileID: 9121672535852937325, guid: c9de00115af538747b8c2f2505711119,
        type: 3}
      propertyPath: m_AnchorMax.x
      value: 0
      objectReference: {fileID: 0}
    - target: {fileID: 9121672535852937325, guid: c9de00115af538747b8c2f2505711119,
        type: 3}
      propertyPath: m_AnchorMax.y
      value: 0
      objectReference: {fileID: 0}
    - target: {fileID: 9121672535852937325, guid: c9de00115af538747b8c2f2505711119,
        type: 3}
      propertyPath: m_AnchorMin.x
      value: 0
      objectReference: {fileID: 0}
    - target: {fileID: 9121672535852937325, guid: c9de00115af538747b8c2f2505711119,
        type: 3}
      propertyPath: m_AnchorMin.y
      value: 0
      objectReference: {fileID: 0}
    - target: {fileID: 9121672535852937325, guid: c9de00115af538747b8c2f2505711119,
        type: 3}
      propertyPath: m_SizeDelta.x
      value: 113
      objectReference: {fileID: 0}
    - target: {fileID: 9121672535852937325, guid: c9de00115af538747b8c2f2505711119,
        type: 3}
      propertyPath: m_SizeDelta.y
      value: 0
      objectReference: {fileID: 0}
    - target: {fileID: 9121672535852937325, guid: c9de00115af538747b8c2f2505711119,
        type: 3}
      propertyPath: m_LocalPosition.x
      value: 0
      objectReference: {fileID: 0}
    - target: {fileID: 9121672535852937325, guid: c9de00115af538747b8c2f2505711119,
        type: 3}
      propertyPath: m_LocalPosition.y
      value: 0
      objectReference: {fileID: 0}
    - target: {fileID: 9121672535852937325, guid: c9de00115af538747b8c2f2505711119,
        type: 3}
      propertyPath: m_LocalPosition.z
      value: 0
      objectReference: {fileID: 0}
    - target: {fileID: 9121672535852937325, guid: c9de00115af538747b8c2f2505711119,
        type: 3}
      propertyPath: m_LocalRotation.w
      value: 1
      objectReference: {fileID: 0}
    - target: {fileID: 9121672535852937325, guid: c9de00115af538747b8c2f2505711119,
        type: 3}
      propertyPath: m_LocalRotation.x
      value: 0
      objectReference: {fileID: 0}
    - target: {fileID: 9121672535852937325, guid: c9de00115af538747b8c2f2505711119,
        type: 3}
      propertyPath: m_LocalRotation.y
      value: 0
      objectReference: {fileID: 0}
    - target: {fileID: 9121672535852937325, guid: c9de00115af538747b8c2f2505711119,
        type: 3}
      propertyPath: m_LocalRotation.z
      value: 0
      objectReference: {fileID: 0}
    - target: {fileID: 9121672535852937325, guid: c9de00115af538747b8c2f2505711119,
        type: 3}
      propertyPath: m_AnchoredPosition.x
      value: 0
      objectReference: {fileID: 0}
    - target: {fileID: 9121672535852937325, guid: c9de00115af538747b8c2f2505711119,
        type: 3}
      propertyPath: m_AnchoredPosition.y
      value: 0
      objectReference: {fileID: 0}
    - target: {fileID: 9121672535852937325, guid: c9de00115af538747b8c2f2505711119,
        type: 3}
      propertyPath: m_LocalEulerAnglesHint.x
      value: 0
      objectReference: {fileID: 0}
    - target: {fileID: 9121672535852937325, guid: c9de00115af538747b8c2f2505711119,
        type: 3}
      propertyPath: m_LocalEulerAnglesHint.y
      value: 0
      objectReference: {fileID: 0}
    - target: {fileID: 9121672535852937325, guid: c9de00115af538747b8c2f2505711119,
        type: 3}
      propertyPath: m_LocalEulerAnglesHint.z
      value: 0
      objectReference: {fileID: 0}
    m_RemovedComponents: []
  m_SourcePrefab: {fileID: 100100000, guid: c9de00115af538747b8c2f2505711119, type: 3}
--- !u!224 &1637837901025298062 stripped
RectTransform:
  m_CorrespondingSourceObject: {fileID: 9121672535852937325, guid: c9de00115af538747b8c2f2505711119,
    type: 3}
  m_PrefabInstance: {fileID: 7506502441492002531}
  m_PrefabAsset: {fileID: 0}
--- !u!1001 &7506502441979784324
PrefabInstance:
  m_ObjectHideFlags: 0
  serializedVersion: 2
  m_Modification:
    m_TransformParent: {fileID: 505980930870691996}
    m_Modifications:
    - target: {fileID: 1829564319074191, guid: c9de00115af538747b8c2f2505711119, type: 3}
      propertyPath: m_Sprite
      value: 
      objectReference: {fileID: 21300000, guid: eb18624642e54da45a5f8b909825caf4,
        type: 3}
    - target: {fileID: 6152268343349866261, guid: c9de00115af538747b8c2f2505711119,
        type: 3}
      propertyPath: m_Name
      value: ButtonBuild
      objectReference: {fileID: 0}
    - target: {fileID: 7834873900918160538, guid: c9de00115af538747b8c2f2505711119,
        type: 3}
      propertyPath: m_OnClick.m_PersistentCalls.m_Calls.Array.size
      value: 1
      objectReference: {fileID: 0}
    - target: {fileID: 7834873900918160538, guid: c9de00115af538747b8c2f2505711119,
        type: 3}
      propertyPath: m_OnClick.m_PersistentCalls.m_Calls.Array.data[0].m_Mode
      value: 6
      objectReference: {fileID: 0}
    - target: {fileID: 7834873900918160538, guid: c9de00115af538747b8c2f2505711119,
        type: 3}
      propertyPath: m_OnClick.m_PersistentCalls.m_Calls.Array.data[0].m_Target
      value: 
      objectReference: {fileID: 0}
    - target: {fileID: 7834873900918160538, guid: c9de00115af538747b8c2f2505711119,
        type: 3}
      propertyPath: m_OnClick.m_PersistentCalls.m_Calls.Array.data[0].m_CallState
      value: 2
      objectReference: {fileID: 0}
    - target: {fileID: 7834873900918160538, guid: c9de00115af538747b8c2f2505711119,
        type: 3}
      propertyPath: m_OnClick.m_PersistentCalls.m_Calls.Array.data[0].m_MethodName
      value: SetActive
      objectReference: {fileID: 0}
    - target: {fileID: 7834873900918160538, guid: c9de00115af538747b8c2f2505711119,
        type: 3}
      propertyPath: m_OnClick.m_PersistentCalls.m_Calls.Array.data[0].m_TargetAssemblyTypeName
      value: UnityEngine.GameObject, UnityEngine
      objectReference: {fileID: 0}
    - target: {fileID: 7834873900918160538, guid: c9de00115af538747b8c2f2505711119,
        type: 3}
      propertyPath: m_OnClick.m_PersistentCalls.m_Calls.Array.data[0].m_Arguments.m_BoolArgument
      value: 1
      objectReference: {fileID: 0}
    - target: {fileID: 7834873900918160538, guid: c9de00115af538747b8c2f2505711119,
        type: 3}
      propertyPath: m_OnClick.m_PersistentCalls.m_Calls.Array.data[0].m_Arguments.m_ObjectArgumentAssemblyTypeName
      value: UnityEngine.Object, UnityEngine
      objectReference: {fileID: 0}
    - target: {fileID: 7873753529269603040, guid: c9de00115af538747b8c2f2505711119,
        type: 3}
      propertyPath: m_PixelsPerUnitMultiplier
      value: 1.5
      objectReference: {fileID: 0}
    - target: {fileID: 7911933940876413102, guid: c9de00115af538747b8c2f2505711119,
        type: 3}
      propertyPath: m_SizeDelta.x
      value: 10
      objectReference: {fileID: 0}
    - target: {fileID: 7911933940876413102, guid: c9de00115af538747b8c2f2505711119,
        type: 3}
      propertyPath: m_SizeDelta.y
      value: 10
      objectReference: {fileID: 0}
    - target: {fileID: 7911933940876413102, guid: c9de00115af538747b8c2f2505711119,
        type: 3}
      propertyPath: m_AnchoredPosition.x
      value: 0
      objectReference: {fileID: 0}
    - target: {fileID: 9121672535852937325, guid: c9de00115af538747b8c2f2505711119,
        type: 3}
      propertyPath: m_Pivot.x
      value: 0.5
      objectReference: {fileID: 0}
    - target: {fileID: 9121672535852937325, guid: c9de00115af538747b8c2f2505711119,
        type: 3}
      propertyPath: m_Pivot.y
      value: 0.5
      objectReference: {fileID: 0}
    - target: {fileID: 9121672535852937325, guid: c9de00115af538747b8c2f2505711119,
        type: 3}
      propertyPath: m_RootOrder
      value: 3
      objectReference: {fileID: 0}
    - target: {fileID: 9121672535852937325, guid: c9de00115af538747b8c2f2505711119,
        type: 3}
      propertyPath: m_AnchorMax.x
      value: 0
      objectReference: {fileID: 0}
    - target: {fileID: 9121672535852937325, guid: c9de00115af538747b8c2f2505711119,
        type: 3}
      propertyPath: m_AnchorMax.y
      value: 0
      objectReference: {fileID: 0}
    - target: {fileID: 9121672535852937325, guid: c9de00115af538747b8c2f2505711119,
        type: 3}
      propertyPath: m_AnchorMin.x
      value: 0
      objectReference: {fileID: 0}
    - target: {fileID: 9121672535852937325, guid: c9de00115af538747b8c2f2505711119,
        type: 3}
      propertyPath: m_AnchorMin.y
      value: 0
      objectReference: {fileID: 0}
    - target: {fileID: 9121672535852937325, guid: c9de00115af538747b8c2f2505711119,
        type: 3}
      propertyPath: m_SizeDelta.x
      value: 113
      objectReference: {fileID: 0}
    - target: {fileID: 9121672535852937325, guid: c9de00115af538747b8c2f2505711119,
        type: 3}
      propertyPath: m_SizeDelta.y
      value: 0
      objectReference: {fileID: 0}
    - target: {fileID: 9121672535852937325, guid: c9de00115af538747b8c2f2505711119,
        type: 3}
      propertyPath: m_LocalPosition.x
      value: 0
      objectReference: {fileID: 0}
    - target: {fileID: 9121672535852937325, guid: c9de00115af538747b8c2f2505711119,
        type: 3}
      propertyPath: m_LocalPosition.y
      value: 0
      objectReference: {fileID: 0}
    - target: {fileID: 9121672535852937325, guid: c9de00115af538747b8c2f2505711119,
        type: 3}
      propertyPath: m_LocalPosition.z
      value: 0
      objectReference: {fileID: 0}
    - target: {fileID: 9121672535852937325, guid: c9de00115af538747b8c2f2505711119,
        type: 3}
      propertyPath: m_LocalRotation.w
      value: 1
      objectReference: {fileID: 0}
    - target: {fileID: 9121672535852937325, guid: c9de00115af538747b8c2f2505711119,
        type: 3}
      propertyPath: m_LocalRotation.x
      value: 0
      objectReference: {fileID: 0}
    - target: {fileID: 9121672535852937325, guid: c9de00115af538747b8c2f2505711119,
        type: 3}
      propertyPath: m_LocalRotation.y
      value: 0
      objectReference: {fileID: 0}
    - target: {fileID: 9121672535852937325, guid: c9de00115af538747b8c2f2505711119,
        type: 3}
      propertyPath: m_LocalRotation.z
      value: 0
      objectReference: {fileID: 0}
    - target: {fileID: 9121672535852937325, guid: c9de00115af538747b8c2f2505711119,
        type: 3}
      propertyPath: m_AnchoredPosition.x
      value: 0
      objectReference: {fileID: 0}
    - target: {fileID: 9121672535852937325, guid: c9de00115af538747b8c2f2505711119,
        type: 3}
      propertyPath: m_AnchoredPosition.y
      value: 0
      objectReference: {fileID: 0}
    - target: {fileID: 9121672535852937325, guid: c9de00115af538747b8c2f2505711119,
        type: 3}
      propertyPath: m_LocalEulerAnglesHint.x
      value: 0
      objectReference: {fileID: 0}
    - target: {fileID: 9121672535852937325, guid: c9de00115af538747b8c2f2505711119,
        type: 3}
      propertyPath: m_LocalEulerAnglesHint.y
      value: 0
      objectReference: {fileID: 0}
    - target: {fileID: 9121672535852937325, guid: c9de00115af538747b8c2f2505711119,
        type: 3}
      propertyPath: m_LocalEulerAnglesHint.z
      value: 0
      objectReference: {fileID: 0}
    m_RemovedComponents: []
  m_SourcePrefab: {fileID: 100100000, guid: c9de00115af538747b8c2f2505711119, type: 3}
--- !u!224 &1637837900705815785 stripped
RectTransform:
  m_CorrespondingSourceObject: {fileID: 9121672535852937325, guid: c9de00115af538747b8c2f2505711119,
    type: 3}
  m_PrefabInstance: {fileID: 7506502441979784324}
  m_PrefabAsset: {fileID: 0}
--- !u!1001 &7506502442269716515
PrefabInstance:
  m_ObjectHideFlags: 0
  serializedVersion: 2
  m_Modification:
    m_TransformParent: {fileID: 505980930870691996}
    m_Modifications:
    - target: {fileID: 1829564319074191, guid: c9de00115af538747b8c2f2505711119, type: 3}
      propertyPath: m_Sprite
      value: 
      objectReference: {fileID: 21300000, guid: c2de08451ad5e144c95fe47793626767,
        type: 3}
    - target: {fileID: 6152268343349866261, guid: c9de00115af538747b8c2f2505711119,
        type: 3}
      propertyPath: m_Name
      value: ButtonDelete
      objectReference: {fileID: 0}
    - target: {fileID: 7834873900918160538, guid: c9de00115af538747b8c2f2505711119,
        type: 3}
      propertyPath: m_OnClick.m_PersistentCalls.m_Calls.Array.size
      value: 0
      objectReference: {fileID: 0}
    - target: {fileID: 7834873900918160538, guid: c9de00115af538747b8c2f2505711119,
        type: 3}
      propertyPath: m_OnClick.m_PersistentCalls.m_Calls.Array.data[0].m_Mode
      value: 6
      objectReference: {fileID: 0}
    - target: {fileID: 7834873900918160538, guid: c9de00115af538747b8c2f2505711119,
        type: 3}
      propertyPath: m_OnClick.m_PersistentCalls.m_Calls.Array.data[0].m_Target
      value: 
      objectReference: {fileID: 0}
    - target: {fileID: 7834873900918160538, guid: c9de00115af538747b8c2f2505711119,
        type: 3}
      propertyPath: m_OnClick.m_PersistentCalls.m_Calls.Array.data[0].m_CallState
      value: 2
      objectReference: {fileID: 0}
    - target: {fileID: 7834873900918160538, guid: c9de00115af538747b8c2f2505711119,
        type: 3}
      propertyPath: m_OnClick.m_PersistentCalls.m_Calls.Array.data[0].m_MethodName
      value: SetActive
      objectReference: {fileID: 0}
    - target: {fileID: 7834873900918160538, guid: c9de00115af538747b8c2f2505711119,
        type: 3}
      propertyPath: m_OnClick.m_PersistentCalls.m_Calls.Array.data[0].m_TargetAssemblyTypeName
      value: UnityEngine.GameObject, UnityEngine
      objectReference: {fileID: 0}
    - target: {fileID: 7834873900918160538, guid: c9de00115af538747b8c2f2505711119,
        type: 3}
      propertyPath: m_OnClick.m_PersistentCalls.m_Calls.Array.data[0].m_Arguments.m_BoolArgument
      value: 1
      objectReference: {fileID: 0}
    - target: {fileID: 7834873900918160538, guid: c9de00115af538747b8c2f2505711119,
        type: 3}
      propertyPath: m_OnClick.m_PersistentCalls.m_Calls.Array.data[0].m_Arguments.m_ObjectArgumentAssemblyTypeName
      value: UnityEngine.Object, UnityEngine
      objectReference: {fileID: 0}
    - target: {fileID: 7873753529269603040, guid: c9de00115af538747b8c2f2505711119,
        type: 3}
      propertyPath: m_PixelsPerUnitMultiplier
      value: 1.5
      objectReference: {fileID: 0}
    - target: {fileID: 7911933940876413102, guid: c9de00115af538747b8c2f2505711119,
        type: 3}
      propertyPath: m_SizeDelta.x
      value: 10
      objectReference: {fileID: 0}
    - target: {fileID: 7911933940876413102, guid: c9de00115af538747b8c2f2505711119,
        type: 3}
      propertyPath: m_SizeDelta.y
      value: 10
      objectReference: {fileID: 0}
    - target: {fileID: 7911933940876413102, guid: c9de00115af538747b8c2f2505711119,
        type: 3}
      propertyPath: m_AnchoredPosition.x
      value: 0
      objectReference: {fileID: 0}
    - target: {fileID: 9121672535852937325, guid: c9de00115af538747b8c2f2505711119,
        type: 3}
      propertyPath: m_Pivot.x
      value: 0.5
      objectReference: {fileID: 0}
    - target: {fileID: 9121672535852937325, guid: c9de00115af538747b8c2f2505711119,
        type: 3}
      propertyPath: m_Pivot.y
      value: 0.5
      objectReference: {fileID: 0}
    - target: {fileID: 9121672535852937325, guid: c9de00115af538747b8c2f2505711119,
        type: 3}
      propertyPath: m_RootOrder
      value: 1
      objectReference: {fileID: 0}
    - target: {fileID: 9121672535852937325, guid: c9de00115af538747b8c2f2505711119,
        type: 3}
      propertyPath: m_AnchorMax.x
      value: 0
      objectReference: {fileID: 0}
    - target: {fileID: 9121672535852937325, guid: c9de00115af538747b8c2f2505711119,
        type: 3}
      propertyPath: m_AnchorMax.y
      value: 0
      objectReference: {fileID: 0}
    - target: {fileID: 9121672535852937325, guid: c9de00115af538747b8c2f2505711119,
        type: 3}
      propertyPath: m_AnchorMin.x
      value: 0
      objectReference: {fileID: 0}
    - target: {fileID: 9121672535852937325, guid: c9de00115af538747b8c2f2505711119,
        type: 3}
      propertyPath: m_AnchorMin.y
      value: 0
      objectReference: {fileID: 0}
    - target: {fileID: 9121672535852937325, guid: c9de00115af538747b8c2f2505711119,
        type: 3}
      propertyPath: m_SizeDelta.x
      value: 113
      objectReference: {fileID: 0}
    - target: {fileID: 9121672535852937325, guid: c9de00115af538747b8c2f2505711119,
        type: 3}
      propertyPath: m_SizeDelta.y
      value: 0
      objectReference: {fileID: 0}
    - target: {fileID: 9121672535852937325, guid: c9de00115af538747b8c2f2505711119,
        type: 3}
      propertyPath: m_LocalPosition.x
      value: 0
      objectReference: {fileID: 0}
    - target: {fileID: 9121672535852937325, guid: c9de00115af538747b8c2f2505711119,
        type: 3}
      propertyPath: m_LocalPosition.y
      value: 0
      objectReference: {fileID: 0}
    - target: {fileID: 9121672535852937325, guid: c9de00115af538747b8c2f2505711119,
        type: 3}
      propertyPath: m_LocalPosition.z
      value: 0
      objectReference: {fileID: 0}
    - target: {fileID: 9121672535852937325, guid: c9de00115af538747b8c2f2505711119,
        type: 3}
      propertyPath: m_LocalRotation.w
      value: 1
      objectReference: {fileID: 0}
    - target: {fileID: 9121672535852937325, guid: c9de00115af538747b8c2f2505711119,
        type: 3}
      propertyPath: m_LocalRotation.x
      value: 0
      objectReference: {fileID: 0}
    - target: {fileID: 9121672535852937325, guid: c9de00115af538747b8c2f2505711119,
        type: 3}
      propertyPath: m_LocalRotation.y
      value: 0
      objectReference: {fileID: 0}
    - target: {fileID: 9121672535852937325, guid: c9de00115af538747b8c2f2505711119,
        type: 3}
      propertyPath: m_LocalRotation.z
      value: 0
      objectReference: {fileID: 0}
    - target: {fileID: 9121672535852937325, guid: c9de00115af538747b8c2f2505711119,
        type: 3}
      propertyPath: m_AnchoredPosition.x
      value: 0
      objectReference: {fileID: 0}
    - target: {fileID: 9121672535852937325, guid: c9de00115af538747b8c2f2505711119,
        type: 3}
      propertyPath: m_AnchoredPosition.y
      value: 0
      objectReference: {fileID: 0}
    - target: {fileID: 9121672535852937325, guid: c9de00115af538747b8c2f2505711119,
        type: 3}
      propertyPath: m_LocalEulerAnglesHint.x
      value: 0
      objectReference: {fileID: 0}
    - target: {fileID: 9121672535852937325, guid: c9de00115af538747b8c2f2505711119,
        type: 3}
      propertyPath: m_LocalEulerAnglesHint.y
      value: 0
      objectReference: {fileID: 0}
    - target: {fileID: 9121672535852937325, guid: c9de00115af538747b8c2f2505711119,
        type: 3}
      propertyPath: m_LocalEulerAnglesHint.z
      value: 0
      objectReference: {fileID: 0}
    m_RemovedComponents: []
  m_SourcePrefab: {fileID: 100100000, guid: c9de00115af538747b8c2f2505711119, type: 3}
--- !u!224 &1637837900213502030 stripped
RectTransform:
  m_CorrespondingSourceObject: {fileID: 9121672535852937325, guid: c9de00115af538747b8c2f2505711119,
    type: 3}
  m_PrefabInstance: {fileID: 7506502442269716515}
  m_PrefabAsset: {fileID: 0}
