%YAML 1.1
%TAG !u! tag:unity3d.com,2011:
--- !u!1 &1029042298818160091
GameObject:
  m_ObjectHideFlags: 0
  m_CorrespondingSourceObject: {fileID: 0}
  m_PrefabInstance: {fileID: 0}
  m_PrefabAsset: {fileID: 0}
  serializedVersion: 6
  m_Component:
  - component: {fileID: 1049367155654261649}
  m_Layer: 0
  m_Name: Message
  m_TagString: Untagged
  m_Icon: {fileID: 0}
  m_NavMeshLayer: 0
  m_StaticEditorFlags: 0
  m_IsActive: 1
--- !u!224 &1049367155654261649
RectTransform:
  m_ObjectHideFlags: 0
  m_CorrespondingSourceObject: {fileID: 0}
  m_PrefabInstance: {fileID: 0}
  m_PrefabAsset: {fileID: 0}
  m_GameObject: {fileID: 1029042298818160091}
  m_LocalRotation: {x: -0, y: -0, z: -0, w: 1}
  m_LocalPosition: {x: 0, y: 0, z: 0}
  m_LocalScale: {x: 1, y: 1, z: 1}
  m_Children:
  - {fileID: 8561907173049828616}
  - {fileID: 4207626064533854792}
  - {fileID: 436835637532716535}
  m_Father: {fileID: 8275860498485505047}
  m_RootOrder: 1
  m_LocalEulerAnglesHint: {x: 0, y: 0, z: 0}
  m_AnchorMin: {x: 0, y: 0}
  m_AnchorMax: {x: 1, y: 1}
  m_AnchoredPosition: {x: 0, y: 0}
  m_SizeDelta: {x: 0, y: 0}
  m_Pivot: {x: 0.5, y: 0.5}
--- !u!1 &1833264962565740028
GameObject:
  m_ObjectHideFlags: 0
  m_CorrespondingSourceObject: {fileID: 0}
  m_PrefabInstance: {fileID: 0}
  m_PrefabAsset: {fileID: 0}
  serializedVersion: 6
  m_Component:
  - component: {fileID: 436835637532716535}
  - component: {fileID: 647851313727565264}
  - component: {fileID: 1169363756313610434}
  m_Layer: 0
  m_Name: Hand
  m_TagString: Untagged
  m_Icon: {fileID: 0}
  m_NavMeshLayer: 0
  m_StaticEditorFlags: 0
  m_IsActive: 0
--- !u!224 &436835637532716535
RectTransform:
  m_ObjectHideFlags: 0
  m_CorrespondingSourceObject: {fileID: 0}
  m_PrefabInstance: {fileID: 0}
  m_PrefabAsset: {fileID: 0}
  m_GameObject: {fileID: 1833264962565740028}
  m_LocalRotation: {x: 0, y: 0, z: 0, w: 1}
  m_LocalPosition: {x: 0, y: 0, z: 0}
  m_LocalScale: {x: 1, y: 1, z: 1}
  m_Children: []
  m_Father: {fileID: 1049367155654261649}
  m_RootOrder: 2
  m_LocalEulerAnglesHint: {x: 0, y: 0, z: 0}
  m_AnchorMin: {x: 0.5, y: 0.5}
  m_AnchorMax: {x: 0.5, y: 0.5}
  m_AnchoredPosition: {x: 77, y: 348}
  m_SizeDelta: {x: 200, y: 200}
  m_Pivot: {x: 0.5, y: 0.5}
--- !u!222 &647851313727565264
CanvasRenderer:
  m_ObjectHideFlags: 0
  m_CorrespondingSourceObject: {fileID: 0}
  m_PrefabInstance: {fileID: 0}
  m_PrefabAsset: {fileID: 0}
  m_GameObject: {fileID: 1833264962565740028}
  m_CullTransparentMesh: 1
--- !u!114 &1169363756313610434
MonoBehaviour:
  m_ObjectHideFlags: 0
  m_CorrespondingSourceObject: {fileID: 0}
  m_PrefabInstance: {fileID: 0}
  m_PrefabAsset: {fileID: 0}
  m_GameObject: {fileID: 1833264962565740028}
  m_Enabled: 1
  m_EditorHideFlags: 0
  m_Script: {fileID: 11500000, guid: fe87c0e1cc204ed48ad3b37840f39efc, type: 3}
  m_Name: 
  m_EditorClassIdentifier: 
  m_Material: {fileID: 0}
  m_Color: {r: 1, g: 1, b: 1, a: 1}
  m_RaycastTarget: 1
  m_RaycastPadding: {x: 0, y: 0, z: 0, w: 0}
  m_Maskable: 1
  m_OnCullStateChanged:
    m_PersistentCalls:
      m_Calls: []
  m_Sprite: {fileID: 21300000, guid: 5d3e5f72f805fa345843830e03f0e954, type: 3}
  m_Type: 0
  m_PreserveAspect: 0
  m_FillCenter: 1
  m_FillMethod: 4
  m_FillAmount: 1
  m_FillClockwise: 1
  m_FillOrigin: 0
  m_UseSpriteMesh: 0
  m_PixelsPerUnitMultiplier: 1
--- !u!1 &4480985971243371573
GameObject:
  m_ObjectHideFlags: 0
  m_CorrespondingSourceObject: {fileID: 0}
  m_PrefabInstance: {fileID: 0}
  m_PrefabAsset: {fileID: 0}
  serializedVersion: 6
  m_Component:
  - component: {fileID: 8275860498485505047}
  - component: {fileID: 3211530473345564423}
  m_Layer: 5
  m_Name: TutorialWIndow
  m_TagString: Untagged
  m_Icon: {fileID: 0}
  m_NavMeshLayer: 0
  m_StaticEditorFlags: 0
  m_IsActive: 1
--- !u!224 &8275860498485505047
RectTransform:
  m_ObjectHideFlags: 0
  m_CorrespondingSourceObject: {fileID: 0}
  m_PrefabInstance: {fileID: 0}
  m_PrefabAsset: {fileID: 0}
  m_GameObject: {fileID: 4480985971243371573}
  m_LocalRotation: {x: 0, y: 0, z: 0, w: 1}
  m_LocalPosition: {x: 0, y: 0, z: 0}
  m_LocalScale: {x: 1, y: 1, z: 1}
  m_Children:
  - {fileID: 2498136100263383441}
  - {fileID: 1049367155654261649}
  m_Father: {fileID: 0}
  m_RootOrder: 0
  m_LocalEulerAnglesHint: {x: 0, y: 0, z: 0}
  m_AnchorMin: {x: 0, y: 0}
  m_AnchorMax: {x: 1, y: 1}
  m_AnchoredPosition: {x: 0, y: 0}
  m_SizeDelta: {x: 0, y: 0}
  m_Pivot: {x: 0.5, y: 0.5}
--- !u!114 &3211530473345564423
MonoBehaviour:
  m_ObjectHideFlags: 0
  m_CorrespondingSourceObject: {fileID: 0}
  m_PrefabInstance: {fileID: 0}
  m_PrefabAsset: {fileID: 0}
  m_GameObject: {fileID: 4480985971243371573}
  m_Enabled: 1
  m_EditorHideFlags: 0
  m_Script: {fileID: 11500000, guid: aafd41ccd9f5c11498b9ba2ed43412a0, type: 3}
  m_Name: 
  m_EditorClassIdentifier: 
  <Blackbox>k__BackingField: {fileID: 8056868898044694299}
  <Window>k__BackingField: {fileID: 4480985971243371573}
  <MessageText>k__BackingField: {fileID: 4425236902858682330}
  <SimpleNext>k__BackingField: {fileID: 8082486700551295709}
  <Delta>k__BackingField: 500
  <HandResourcePanel>k__BackingField: {fileID: 1833264962565740028}
--- !u!1 &5423191011816220529
GameObject:
  m_ObjectHideFlags: 0
  m_CorrespondingSourceObject: {fileID: 0}
  m_PrefabInstance: {fileID: 0}
  m_PrefabAsset: {fileID: 0}
  serializedVersion: 6
  m_Component:
  - component: {fileID: 2498136100263383441}
  - component: {fileID: 8866654280351727912}
  - component: {fileID: 6706822176857322198}
  - component: {fileID: 8056868898044694299}
  m_Layer: 5
  m_Name: Image
  m_TagString: Untagged
  m_Icon: {fileID: 0}
  m_NavMeshLayer: 0
  m_StaticEditorFlags: 0
  m_IsActive: 1
--- !u!224 &2498136100263383441
RectTransform:
  m_ObjectHideFlags: 0
  m_CorrespondingSourceObject: {fileID: 0}
  m_PrefabInstance: {fileID: 0}
  m_PrefabAsset: {fileID: 0}
  m_GameObject: {fileID: 5423191011816220529}
  m_LocalRotation: {x: 0, y: 0, z: 0, w: 1}
  m_LocalPosition: {x: 0, y: 0, z: 0}
  m_LocalScale: {x: 1, y: 1, z: 1}
  m_Children: []
  m_Father: {fileID: 8275860498485505047}
  m_RootOrder: 0
  m_LocalEulerAnglesHint: {x: 0, y: 0, z: 0}
  m_AnchorMin: {x: 0, y: 0}
  m_AnchorMax: {x: 1, y: 1}
  m_AnchoredPosition: {x: 0, y: 0}
  m_SizeDelta: {x: 0, y: 0}
  m_Pivot: {x: 0.5, y: 0.5}
--- !u!222 &8866654280351727912
CanvasRenderer:
  m_ObjectHideFlags: 0
  m_CorrespondingSourceObject: {fileID: 0}
  m_PrefabInstance: {fileID: 0}
  m_PrefabAsset: {fileID: 0}
  m_GameObject: {fileID: 5423191011816220529}
  m_CullTransparentMesh: 1
--- !u!114 &6706822176857322198
MonoBehaviour:
  m_ObjectHideFlags: 0
  m_CorrespondingSourceObject: {fileID: 0}
  m_PrefabInstance: {fileID: 0}
  m_PrefabAsset: {fileID: 0}
  m_GameObject: {fileID: 5423191011816220529}
  m_Enabled: 1
  m_EditorHideFlags: 0
  m_Script: {fileID: 11500000, guid: fe87c0e1cc204ed48ad3b37840f39efc, type: 3}
  m_Name: 
  m_EditorClassIdentifier: 
  m_Material: {fileID: 0}
  m_Color: {r: 0, g: 0, b: 0, a: 0.5019608}
  m_RaycastTarget: 1
  m_RaycastPadding: {x: 0, y: 0, z: 0, w: 0}
  m_Maskable: 1
  m_OnCullStateChanged:
    m_PersistentCalls:
      m_Calls: []
  m_Sprite: {fileID: 21300000, guid: 8f1fabbcc0aa02d4f9023d7e60b119ae, type: 3}
  m_Type: 0
  m_PreserveAspect: 0
  m_FillCenter: 1
  m_FillMethod: 4
  m_FillAmount: 1
  m_FillClockwise: 1
  m_FillOrigin: 0
  m_UseSpriteMesh: 0
  m_PixelsPerUnitMultiplier: 1
--- !u!114 &8056868898044694299
MonoBehaviour:
  m_ObjectHideFlags: 0
  m_CorrespondingSourceObject: {fileID: 0}
  m_PrefabInstance: {fileID: 0}
  m_PrefabAsset: {fileID: 0}
  m_GameObject: {fileID: 5423191011816220529}
  m_Enabled: 1
  m_EditorHideFlags: 0
  m_Script: {fileID: 11500000, guid: af5cc065472e79d4fa77ca3dcbeeefc9, type: 3}
  m_Name: 
  m_EditorClassIdentifier: 
--- !u!1001 &2574355461124013401
PrefabInstance:
  m_ObjectHideFlags: 0
  serializedVersion: 2
  m_Modification:
    m_TransformParent: {fileID: 1049367155654261649}
    m_Modifications:
    - target: {fileID: 460640307024020257, guid: 82cc49516c01b5d43a1be1b728b3c0c5,
        type: 3}
      propertyPath: m_Name
      value: GIrlyGirl
      objectReference: {fileID: 0}
    - target: {fileID: 460640307024020257, guid: 82cc49516c01b5d43a1be1b728b3c0c5,
        type: 3}
      propertyPath: m_IsActive
      value: 1
      objectReference: {fileID: 0}
    - target: {fileID: 1243738316335583364, guid: 82cc49516c01b5d43a1be1b728b3c0c5,
        type: 3}
      propertyPath: m_RaycastTarget
      value: 0
      objectReference: {fileID: 0}
    - target: {fileID: 1243738316335583364, guid: 82cc49516c01b5d43a1be1b728b3c0c5,
        type: 3}
      propertyPath: m_PreserveAspect
      value: 1
      objectReference: {fileID: 0}
    - target: {fileID: 6155281119834224721, guid: 82cc49516c01b5d43a1be1b728b3c0c5,
        type: 3}
      propertyPath: m_Pivot.x
      value: 0
      objectReference: {fileID: 0}
    - target: {fileID: 6155281119834224721, guid: 82cc49516c01b5d43a1be1b728b3c0c5,
        type: 3}
      propertyPath: m_Pivot.y
      value: 0
      objectReference: {fileID: 0}
    - target: {fileID: 6155281119834224721, guid: 82cc49516c01b5d43a1be1b728b3c0c5,
        type: 3}
      propertyPath: m_RootOrder
      value: 0
      objectReference: {fileID: 0}
    - target: {fileID: 6155281119834224721, guid: 82cc49516c01b5d43a1be1b728b3c0c5,
        type: 3}
      propertyPath: m_AnchorMax.x
      value: 0
      objectReference: {fileID: 0}
    - target: {fileID: 6155281119834224721, guid: 82cc49516c01b5d43a1be1b728b3c0c5,
        type: 3}
      propertyPath: m_AnchorMax.y
      value: 0
      objectReference: {fileID: 0}
    - target: {fileID: 6155281119834224721, guid: 82cc49516c01b5d43a1be1b728b3c0c5,
        type: 3}
      propertyPath: m_AnchorMin.x
      value: 0
      objectReference: {fileID: 0}
    - target: {fileID: 6155281119834224721, guid: 82cc49516c01b5d43a1be1b728b3c0c5,
        type: 3}
      propertyPath: m_AnchorMin.y
      value: 0
      objectReference: {fileID: 0}
    - target: {fileID: 6155281119834224721, guid: 82cc49516c01b5d43a1be1b728b3c0c5,
        type: 3}
      propertyPath: m_SizeDelta.x
      value: 500
      objectReference: {fileID: 0}
    - target: {fileID: 6155281119834224721, guid: 82cc49516c01b5d43a1be1b728b3c0c5,
        type: 3}
      propertyPath: m_SizeDelta.y
      value: 750
      objectReference: {fileID: 0}
    - target: {fileID: 6155281119834224721, guid: 82cc49516c01b5d43a1be1b728b3c0c5,
        type: 3}
      propertyPath: m_LocalPosition.x
      value: 0
      objectReference: {fileID: 0}
    - target: {fileID: 6155281119834224721, guid: 82cc49516c01b5d43a1be1b728b3c0c5,
        type: 3}
      propertyPath: m_LocalPosition.y
      value: 0
      objectReference: {fileID: 0}
    - target: {fileID: 6155281119834224721, guid: 82cc49516c01b5d43a1be1b728b3c0c5,
        type: 3}
      propertyPath: m_LocalPosition.z
      value: 0
      objectReference: {fileID: 0}
    - target: {fileID: 6155281119834224721, guid: 82cc49516c01b5d43a1be1b728b3c0c5,
        type: 3}
      propertyPath: m_LocalRotation.w
      value: 1
      objectReference: {fileID: 0}
    - target: {fileID: 6155281119834224721, guid: 82cc49516c01b5d43a1be1b728b3c0c5,
        type: 3}
      propertyPath: m_LocalRotation.x
      value: -0
      objectReference: {fileID: 0}
    - target: {fileID: 6155281119834224721, guid: 82cc49516c01b5d43a1be1b728b3c0c5,
        type: 3}
      propertyPath: m_LocalRotation.y
      value: -0
      objectReference: {fileID: 0}
    - target: {fileID: 6155281119834224721, guid: 82cc49516c01b5d43a1be1b728b3c0c5,
        type: 3}
      propertyPath: m_LocalRotation.z
      value: -0
      objectReference: {fileID: 0}
    - target: {fileID: 6155281119834224721, guid: 82cc49516c01b5d43a1be1b728b3c0c5,
        type: 3}
      propertyPath: m_AnchoredPosition.x
      value: 0
      objectReference: {fileID: 0}
    - target: {fileID: 6155281119834224721, guid: 82cc49516c01b5d43a1be1b728b3c0c5,
        type: 3}
      propertyPath: m_AnchoredPosition.y
      value: 0
      objectReference: {fileID: 0}
    - target: {fileID: 6155281119834224721, guid: 82cc49516c01b5d43a1be1b728b3c0c5,
        type: 3}
      propertyPath: m_LocalEulerAnglesHint.x
      value: 0
      objectReference: {fileID: 0}
    - target: {fileID: 6155281119834224721, guid: 82cc49516c01b5d43a1be1b728b3c0c5,
        type: 3}
      propertyPath: m_LocalEulerAnglesHint.y
      value: 0
      objectReference: {fileID: 0}
    - target: {fileID: 6155281119834224721, guid: 82cc49516c01b5d43a1be1b728b3c0c5,
        type: 3}
      propertyPath: m_LocalEulerAnglesHint.z
      value: 0
      objectReference: {fileID: 0}
    m_RemovedComponents: []
  m_SourcePrefab: {fileID: 100100000, guid: 82cc49516c01b5d43a1be1b728b3c0c5, type: 3}
--- !u!224 &8561907173049828616 stripped
RectTransform:
  m_CorrespondingSourceObject: {fileID: 6155281119834224721, guid: 82cc49516c01b5d43a1be1b728b3c0c5,
    type: 3}
  m_PrefabInstance: {fileID: 2574355461124013401}
  m_PrefabAsset: {fileID: 0}
--- !u!1001 &5751141805005975034
PrefabInstance:
  m_ObjectHideFlags: 0
  serializedVersion: 2
  m_Modification:
    m_TransformParent: {fileID: 1049367155654261649}
    m_Modifications:
    - target: {fileID: 456107873335838987, guid: 0481bb98b6ac54441a8a8780cb01a765,
        type: 3}
      propertyPath: m_RaycastTarget
      value: 0
      objectReference: {fileID: 0}
    - target: {fileID: 1230198751880938104, guid: 0481bb98b6ac54441a8a8780cb01a765,
        type: 3}
      propertyPath: m_LocalPosition.x
      value: 0
      objectReference: {fileID: 0}
    - target: {fileID: 1230198751880938104, guid: 0481bb98b6ac54441a8a8780cb01a765,
        type: 3}
      propertyPath: m_LocalPosition.y
      value: 0
      objectReference: {fileID: 0}
    - target: {fileID: 4544123092863509762, guid: 0481bb98b6ac54441a8a8780cb01a765,
        type: 3}
      propertyPath: m_SizeDelta.x
      value: 80
      objectReference: {fileID: 0}
    - target: {fileID: 4544123092863509762, guid: 0481bb98b6ac54441a8a8780cb01a765,
        type: 3}
      propertyPath: m_SizeDelta.y
      value: 50
      objectReference: {fileID: 0}
    - target: {fileID: 5798021977401019255, guid: 0481bb98b6ac54441a8a8780cb01a765,
        type: 3}
      propertyPath: m_RaycastTarget
      value: 0
      objectReference: {fileID: 0}
    - target: {fileID: 8266832673567195680, guid: 0481bb98b6ac54441a8a8780cb01a765,
        type: 3}
      propertyPath: m_text
      value: " \u0414\u043B\u044F \u0440\u0430\u0441\u0447\u0438\u0441\u0442\u043A\u0438
        \u043C\u0443\u0441\u043E\u0440\u0430 \u043D\u0435\u043E\u0431\u0445\u043E\u0434\u0438\u043C\u0430
        \u0432\u044B\u043D\u043E\u0441\u043B\u0438\u0432\u043E\u0441\u0442\u044C,
        \u0435\u0441\u043B\u0438 \u044D\u043D\u0435\u0440\u0433\u0438\u0438 \u0434\u043E\u0441\u0442\u0430\u0442\u043E\u0447\u043D\u043E,
        \u0442\u043E \u043F\u043E\u0441\u043B\u0435 \u0432\u044B\u0431\u043E\u0440\u0430
        \u043C\u0443\u0441\u043E\u0440\u0430 \u0442\u044B \u0441\u043C\u043E\u0436\u0435\u0448\u044C
        \u0435\u0433\u043E \u043E\u0447\u0438\u0441\u0442\u0438\u0442\u044C"
      objectReference: {fileID: 0}
    - target: {fileID: 8266832673567195680, guid: 0481bb98b6ac54441a8a8780cb01a765,
        type: 3}
      propertyPath: m_fontStyle
      value: 0
      objectReference: {fileID: 0}
    - target: {fileID: 8266832673567195680, guid: 0481bb98b6ac54441a8a8780cb01a765,
        type: 3}
      propertyPath: m_fontColor.b
      value: 0.43137255
      objectReference: {fileID: 0}
    - target: {fileID: 8266832673567195680, guid: 0481bb98b6ac54441a8a8780cb01a765,
        type: 3}
      propertyPath: m_fontColor.g
      value: 0.47058824
      objectReference: {fileID: 0}
    - target: {fileID: 8266832673567195680, guid: 0481bb98b6ac54441a8a8780cb01a765,
        type: 3}
      propertyPath: m_fontColor.r
      value: 0.019607844
      objectReference: {fileID: 0}
    - target: {fileID: 8266832673567195680, guid: 0481bb98b6ac54441a8a8780cb01a765,
        type: 3}
      propertyPath: m_RaycastTarget
      value: 0
      objectReference: {fileID: 0}
    - target: {fileID: 8266832673567195680, guid: 0481bb98b6ac54441a8a8780cb01a765,
        type: 3}
      propertyPath: m_fontColor32.rgba
      value: 4285429765
      objectReference: {fileID: 0}
    - target: {fileID: 8266832673567195680, guid: 0481bb98b6ac54441a8a8780cb01a765,
        type: 3}
      propertyPath: m_enableWordWrapping
      value: 1
      objectReference: {fileID: 0}
    - target: {fileID: 8481497031136819122, guid: 0481bb98b6ac54441a8a8780cb01a765,
        type: 3}
      propertyPath: m_Pivot.x
      value: 0.5
      objectReference: {fileID: 0}
    - target: {fileID: 8481497031136819122, guid: 0481bb98b6ac54441a8a8780cb01a765,
        type: 3}
      propertyPath: m_Pivot.y
      value: 0
      objectReference: {fileID: 0}
    - target: {fileID: 8481497031136819122, guid: 0481bb98b6ac54441a8a8780cb01a765,
        type: 3}
      propertyPath: m_RootOrder
      value: 1
      objectReference: {fileID: 0}
    - target: {fileID: 8481497031136819122, guid: 0481bb98b6ac54441a8a8780cb01a765,
        type: 3}
      propertyPath: m_AnchorMax.x
      value: 1
      objectReference: {fileID: 0}
    - target: {fileID: 8481497031136819122, guid: 0481bb98b6ac54441a8a8780cb01a765,
        type: 3}
      propertyPath: m_AnchorMax.y
      value: 0
      objectReference: {fileID: 0}
    - target: {fileID: 8481497031136819122, guid: 0481bb98b6ac54441a8a8780cb01a765,
        type: 3}
      propertyPath: m_AnchorMin.x
      value: 0
      objectReference: {fileID: 0}
    - target: {fileID: 8481497031136819122, guid: 0481bb98b6ac54441a8a8780cb01a765,
        type: 3}
      propertyPath: m_AnchorMin.y
      value: 0
      objectReference: {fileID: 0}
    - target: {fileID: 8481497031136819122, guid: 0481bb98b6ac54441a8a8780cb01a765,
        type: 3}
      propertyPath: m_SizeDelta.x
      value: -500
      objectReference: {fileID: 0}
    - target: {fileID: 8481497031136819122, guid: 0481bb98b6ac54441a8a8780cb01a765,
        type: 3}
      propertyPath: m_SizeDelta.y
      value: 0
      objectReference: {fileID: 0}
    - target: {fileID: 8481497031136819122, guid: 0481bb98b6ac54441a8a8780cb01a765,
        type: 3}
      propertyPath: m_LocalPosition.x
      value: 0
      objectReference: {fileID: 0}
    - target: {fileID: 8481497031136819122, guid: 0481bb98b6ac54441a8a8780cb01a765,
        type: 3}
      propertyPath: m_LocalPosition.y
      value: 0
      objectReference: {fileID: 0}
    - target: {fileID: 8481497031136819122, guid: 0481bb98b6ac54441a8a8780cb01a765,
        type: 3}
      propertyPath: m_LocalPosition.z
      value: 0
      objectReference: {fileID: 0}
    - target: {fileID: 8481497031136819122, guid: 0481bb98b6ac54441a8a8780cb01a765,
        type: 3}
      propertyPath: m_LocalRotation.w
      value: 1
      objectReference: {fileID: 0}
    - target: {fileID: 8481497031136819122, guid: 0481bb98b6ac54441a8a8780cb01a765,
        type: 3}
      propertyPath: m_LocalRotation.x
      value: -0
      objectReference: {fileID: 0}
    - target: {fileID: 8481497031136819122, guid: 0481bb98b6ac54441a8a8780cb01a765,
        type: 3}
      propertyPath: m_LocalRotation.y
      value: -0
      objectReference: {fileID: 0}
    - target: {fileID: 8481497031136819122, guid: 0481bb98b6ac54441a8a8780cb01a765,
        type: 3}
      propertyPath: m_LocalRotation.z
      value: -0
      objectReference: {fileID: 0}
    - target: {fileID: 8481497031136819122, guid: 0481bb98b6ac54441a8a8780cb01a765,
        type: 3}
      propertyPath: m_AnchoredPosition.x
      value: 250
      objectReference: {fileID: 0}
    - target: {fileID: 8481497031136819122, guid: 0481bb98b6ac54441a8a8780cb01a765,
        type: 3}
      propertyPath: m_AnchoredPosition.y
      value: 6
      objectReference: {fileID: 0}
    - target: {fileID: 8481497031136819122, guid: 0481bb98b6ac54441a8a8780cb01a765,
        type: 3}
      propertyPath: m_LocalEulerAnglesHint.x
      value: 0
      objectReference: {fileID: 0}
    - target: {fileID: 8481497031136819122, guid: 0481bb98b6ac54441a8a8780cb01a765,
        type: 3}
      propertyPath: m_LocalEulerAnglesHint.y
      value: 0
      objectReference: {fileID: 0}
    - target: {fileID: 8481497031136819122, guid: 0481bb98b6ac54441a8a8780cb01a765,
        type: 3}
      propertyPath: m_LocalEulerAnglesHint.z
      value: 0
      objectReference: {fileID: 0}
    - target: {fileID: 8684344952052687055, guid: 0481bb98b6ac54441a8a8780cb01a765,
        type: 3}
      propertyPath: m_Name
      value: Textbox
      objectReference: {fileID: 0}
    m_RemovedComponents: []
  m_SourcePrefab: {fileID: 100100000, guid: 0481bb98b6ac54441a8a8780cb01a765, type: 3}
--- !u!224 &4207626064533854792 stripped
RectTransform:
  m_CorrespondingSourceObject: {fileID: 8481497031136819122, guid: 0481bb98b6ac54441a8a8780cb01a765,
    type: 3}
  m_PrefabInstance: {fileID: 5751141805005975034}
  m_PrefabAsset: {fileID: 0}
--- !u!114 &4425236902858682330 stripped
MonoBehaviour:
  m_CorrespondingSourceObject: {fileID: 8266832673567195680, guid: 0481bb98b6ac54441a8a8780cb01a765,
    type: 3}
  m_PrefabInstance: {fileID: 5751141805005975034}
  m_PrefabAsset: {fileID: 0}
  m_GameObject: {fileID: 0}
  m_Enabled: 1
  m_EditorHideFlags: 0
  m_Script: {fileID: 11500000, guid: f4688fdb7df04437aeb418b961361dc5, type: 3}
  m_Name: 
  m_EditorClassIdentifier: 
--- !u!114 &8082486700551295709 stripped
MonoBehaviour:
  m_CorrespondingSourceObject: {fileID: 4610256468164902695, guid: 0481bb98b6ac54441a8a8780cb01a765,
    type: 3}
  m_PrefabInstance: {fileID: 5751141805005975034}
  m_PrefabAsset: {fileID: 0}
  m_GameObject: {fileID: 0}
  m_Enabled: 1
  m_EditorHideFlags: 0
  m_Script: {fileID: 11500000, guid: 4e29b1a8efbd4b44bb3f3716e73f07ff, type: 3}
  m_Name: 
  m_EditorClassIdentifier: 
