%YAML 1.1
%TAG !u! tag:unity3d.com,2011:
--- !u!1 &4565513481275983051
GameObject:
  m_ObjectHideFlags: 0
  m_CorrespondingSourceObject: {fileID: 0}
  m_PrefabInstance: {fileID: 0}
  m_PrefabAsset: {fileID: 0}
  serializedVersion: 6
  m_Component:
  - component: {fileID: 4565513481275983095}
  - component: {fileID: 7719119569767868729}
  - component: {fileID: 2984656114355812272}
  - component: {fileID: 5573856184366376467}
  - component: {fileID: 4829095846725591802}
  - component: {fileID: 8558760221909599038}
  m_Layer: 8
  m_Name: Player
  m_TagString: Untagged
  m_Icon: {fileID: 0}
  m_NavMeshLayer: 0
  m_StaticEditorFlags: 0
  m_IsActive: 1
--- !u!4 &4565513481275983095
Transform:
  m_ObjectHideFlags: 0
  m_CorrespondingSourceObject: {fileID: 0}
  m_PrefabInstance: {fileID: 0}
  m_PrefabAsset: {fileID: 0}
  m_GameObject: {fileID: 4565513481275983051}
  m_LocalRotation: {x: 0, y: 0, z: 0, w: 1}
  m_LocalPosition: {x: 0, y: 0, z: 0}
  m_LocalScale: {x: 1, y: 1, z: 1}
  m_Children:
  - {fileID: 29401161913942433}
  - {fileID: 2555591353549718487}
  m_Father: {fileID: 0}
  m_RootOrder: 0
  m_LocalEulerAnglesHint: {x: 0, y: 0, z: 0}
--- !u!58 &7719119569767868729
CircleCollider2D:
  m_ObjectHideFlags: 0
  m_CorrespondingSourceObject: {fileID: 0}
  m_PrefabInstance: {fileID: 0}
  m_PrefabAsset: {fileID: 0}
  m_GameObject: {fileID: 4565513481275983051}
  m_Enabled: 1
  m_Density: 1
  m_Material: {fileID: 0}
  m_IsTrigger: 0
  m_UsedByEffector: 0
  m_UsedByComposite: 0
  m_Offset: {x: 0, y: 0}
  serializedVersion: 2
  m_Radius: 0.1
--- !u!50 &2984656114355812272
Rigidbody2D:
  serializedVersion: 4
  m_ObjectHideFlags: 0
  m_CorrespondingSourceObject: {fileID: 0}
  m_PrefabInstance: {fileID: 0}
  m_PrefabAsset: {fileID: 0}
  m_GameObject: {fileID: 4565513481275983051}
  m_BodyType: 1
  m_Simulated: 1
  m_UseFullKinematicContacts: 0
  m_UseAutoMass: 0
  m_Mass: 1
  m_LinearDrag: 0
  m_AngularDrag: 0.05
  m_GravityScale: 1
  m_Material: {fileID: 0}
  m_Interpolate: 0
  m_SleepingMode: 1
  m_CollisionDetection: 0
  m_Constraints: 0
--- !u!114 &5573856184366376467
MonoBehaviour:
  m_ObjectHideFlags: 0
  m_CorrespondingSourceObject: {fileID: 0}
  m_PrefabInstance: {fileID: 0}
  m_PrefabAsset: {fileID: 0}
  m_GameObject: {fileID: 4565513481275983051}
  m_Enabled: 1
  m_EditorHideFlags: 0
  m_Script: {fileID: 11500000, guid: bcd2223ef5e0c7841bea321dc89b943b, type: 3}
  m_Name: 
  m_EditorClassIdentifier: 
  front: {fileID: 2631251552178554574}
  back: {fileID: 1614918942894946338}
  breathes:
  - male_f_wait_1
  - male_f_wait_2
  pick: male_f_work
  walk: male_f_walk
  walkBack: male_b_walk
  animaEvent: {fileID: 4068925111343827443}
--- !u!114 &4829095846725591802
MonoBehaviour:
  m_ObjectHideFlags: 0
  m_CorrespondingSourceObject: {fileID: 0}
  m_PrefabInstance: {fileID: 0}
  m_PrefabAsset: {fileID: 0}
  m_GameObject: {fileID: 4565513481275983051}
  m_Enabled: 1
  m_EditorHideFlags: 0
  m_Script: {fileID: 11500000, guid: 0a00d6fd9d978af44a45364b2cd57eb8, type: 3}
  m_Name: 
  m_EditorClassIdentifier: 
  _speed: 2
  _animator: {fileID: 0}
  _animaControl: {fileID: 5573856184366376467}
  _model: {fileID: 4565513481275983095}
--- !u!212 &8558760221909599038
SpriteRenderer:
  m_ObjectHideFlags: 0
  m_CorrespondingSourceObject: {fileID: 0}
  m_PrefabInstance: {fileID: 0}
  m_PrefabAsset: {fileID: 0}
  m_GameObject: {fileID: 4565513481275983051}
  m_Enabled: 1
  m_CastShadows: 0
  m_ReceiveShadows: 0
  m_DynamicOccludee: 1
  m_MotionVectors: 1
  m_LightProbeUsage: 1
  m_ReflectionProbeUsage: 1
  m_RayTracingMode: 0
  m_RayTraceProcedural: 0
  m_RenderingLayerMask: 1
  m_RendererPriority: 0
  m_Materials:
  - {fileID: 10754, guid: 0000000000000000f000000000000000, type: 0}
  m_StaticBatchInfo:
    firstSubMesh: 0
    subMeshCount: 0
  m_StaticBatchRoot: {fileID: 0}
  m_ProbeAnchor: {fileID: 0}
  m_LightProbeVolumeOverride: {fileID: 0}
  m_ScaleInLightmap: 1
  m_ReceiveGI: 1
  m_PreserveUVs: 0
  m_IgnoreNormalsForChartDetection: 0
  m_ImportantGI: 0
  m_StitchLightmapSeams: 1
  m_SelectedEditorRenderState: 0
  m_MinimumChartSize: 4
  m_AutoUVMaxDistance: 0.5
  m_AutoUVMaxAngle: 89
  m_LightmapParameters: {fileID: 0}
  m_SortingLayerID: 0
  m_SortingLayer: 0
  m_SortingOrder: 0
  m_Sprite: {fileID: 0}
  m_Color: {r: 1, g: 1, b: 1, a: 1}
  m_FlipX: 0
  m_FlipY: 0
  m_DrawMode: 0
  m_Size: {x: 1, y: 1}
  m_AdaptiveModeThreshold: 0.5
  m_SpriteTileMode: 0
  m_WasSpriteAssigned: 0
  m_MaskInteraction: 0
  m_SpriteSortPoint: 0
--- !u!1001 &1999956450993637101
PrefabInstance:
  m_ObjectHideFlags: 0
  serializedVersion: 2
  m_Modification:
    m_TransformParent: {fileID: 4565513481275983095}
    m_Modifications:
    - target: {fileID: 1105851037511227318, guid: 39b061680936d674bbbc23f9dabe8395,
        type: 3}
      propertyPath: m_Name
      value: player_back
      objectReference: {fileID: 0}
    - target: {fileID: 4086468005551015226, guid: 39b061680936d674bbbc23f9dabe8395,
        type: 3}
      propertyPath: m_RootOrder
      value: 1
      objectReference: {fileID: 0}
    - target: {fileID: 4086468005551015226, guid: 39b061680936d674bbbc23f9dabe8395,
        type: 3}
      propertyPath: m_LocalPosition.x
      value: 0
      objectReference: {fileID: 0}
    - target: {fileID: 4086468005551015226, guid: 39b061680936d674bbbc23f9dabe8395,
        type: 3}
      propertyPath: m_LocalPosition.y
      value: 0.265
      objectReference: {fileID: 0}
    - target: {fileID: 4086468005551015226, guid: 39b061680936d674bbbc23f9dabe8395,
        type: 3}
      propertyPath: m_LocalPosition.z
      value: 0
      objectReference: {fileID: 0}
    - target: {fileID: 4086468005551015226, guid: 39b061680936d674bbbc23f9dabe8395,
        type: 3}
      propertyPath: m_LocalRotation.w
      value: 1
      objectReference: {fileID: 0}
    - target: {fileID: 4086468005551015226, guid: 39b061680936d674bbbc23f9dabe8395,
        type: 3}
      propertyPath: m_LocalRotation.x
      value: 0
      objectReference: {fileID: 0}
    - target: {fileID: 4086468005551015226, guid: 39b061680936d674bbbc23f9dabe8395,
        type: 3}
      propertyPath: m_LocalRotation.y
      value: 0
      objectReference: {fileID: 0}
    - target: {fileID: 4086468005551015226, guid: 39b061680936d674bbbc23f9dabe8395,
        type: 3}
      propertyPath: m_LocalRotation.z
      value: 0
      objectReference: {fileID: 0}
    - target: {fileID: 4086468005551015226, guid: 39b061680936d674bbbc23f9dabe8395,
        type: 3}
      propertyPath: m_LocalEulerAnglesHint.x
      value: 0
      objectReference: {fileID: 0}
    - target: {fileID: 4086468005551015226, guid: 39b061680936d674bbbc23f9dabe8395,
        type: 3}
      propertyPath: m_LocalEulerAnglesHint.y
      value: 0
      objectReference: {fileID: 0}
    - target: {fileID: 4086468005551015226, guid: 39b061680936d674bbbc23f9dabe8395,
        type: 3}
      propertyPath: m_LocalEulerAnglesHint.z
      value: 0
      objectReference: {fileID: 0}
    m_RemovedComponents: []
  m_SourcePrefab: {fileID: 100100000, guid: 39b061680936d674bbbc23f9dabe8395, type: 3}
--- !u!4 &2555591353549718487 stripped
Transform:
  m_CorrespondingSourceObject: {fileID: 4086468005551015226, guid: 39b061680936d674bbbc23f9dabe8395,
    type: 3}
  m_PrefabInstance: {fileID: 1999956450993637101}
  m_PrefabAsset: {fileID: 0}
--- !u!95 &1614918942894946338 stripped
Animator:
  m_CorrespondingSourceObject: {fileID: 984069448899460815, guid: 39b061680936d674bbbc23f9dabe8395,
    type: 3}
  m_PrefabInstance: {fileID: 1999956450993637101}
  m_PrefabAsset: {fileID: 0}
--- !u!1001 &8876216708430628788
PrefabInstance:
  m_ObjectHideFlags: 0
  serializedVersion: 2
  m_Modification:
    m_TransformParent: {fileID: 4565513481275983095}
    m_Modifications:
    - target: {fileID: 8389594468764571726, guid: 1ecf1190a23415b4fb6fc95487d9d4a0,
        type: 3}
      propertyPath: m_Name
      value: player_front
      objectReference: {fileID: 0}
    - target: {fileID: 8883029354103719445, guid: 1ecf1190a23415b4fb6fc95487d9d4a0,
        type: 3}
      propertyPath: m_RootOrder
      value: 0
      objectReference: {fileID: 0}
    - target: {fileID: 8883029354103719445, guid: 1ecf1190a23415b4fb6fc95487d9d4a0,
        type: 3}
      propertyPath: m_LocalPosition.x
      value: 0
      objectReference: {fileID: 0}
    - target: {fileID: 8883029354103719445, guid: 1ecf1190a23415b4fb6fc95487d9d4a0,
        type: 3}
      propertyPath: m_LocalPosition.y
      value: 0.265
      objectReference: {fileID: 0}
    - target: {fileID: 8883029354103719445, guid: 1ecf1190a23415b4fb6fc95487d9d4a0,
        type: 3}
      propertyPath: m_LocalPosition.z
      value: 0
      objectReference: {fileID: 0}
    - target: {fileID: 8883029354103719445, guid: 1ecf1190a23415b4fb6fc95487d9d4a0,
        type: 3}
      propertyPath: m_LocalRotation.w
      value: 1
      objectReference: {fileID: 0}
    - target: {fileID: 8883029354103719445, guid: 1ecf1190a23415b4fb6fc95487d9d4a0,
        type: 3}
      propertyPath: m_LocalRotation.x
      value: 0
      objectReference: {fileID: 0}
    - target: {fileID: 8883029354103719445, guid: 1ecf1190a23415b4fb6fc95487d9d4a0,
        type: 3}
      propertyPath: m_LocalRotation.y
      value: 0
      objectReference: {fileID: 0}
    - target: {fileID: 8883029354103719445, guid: 1ecf1190a23415b4fb6fc95487d9d4a0,
        type: 3}
      propertyPath: m_LocalRotation.z
      value: 0
      objectReference: {fileID: 0}
    - target: {fileID: 8883029354103719445, guid: 1ecf1190a23415b4fb6fc95487d9d4a0,
        type: 3}
      propertyPath: m_LocalEulerAnglesHint.x
      value: 0
      objectReference: {fileID: 0}
    - target: {fileID: 8883029354103719445, guid: 1ecf1190a23415b4fb6fc95487d9d4a0,
        type: 3}
      propertyPath: m_LocalEulerAnglesHint.y
      value: 0
      objectReference: {fileID: 0}
    - target: {fileID: 8883029354103719445, guid: 1ecf1190a23415b4fb6fc95487d9d4a0,
        type: 3}
      propertyPath: m_LocalEulerAnglesHint.z
      value: 0
      objectReference: {fileID: 0}
    m_RemovedComponents: []
  m_SourcePrefab: {fileID: 100100000, guid: 1ecf1190a23415b4fb6fc95487d9d4a0, type: 3}
--- !u!4 &29401161913942433 stripped
Transform:
  m_CorrespondingSourceObject: {fileID: 8883029354103719445, guid: 1ecf1190a23415b4fb6fc95487d9d4a0,
    type: 3}
  m_PrefabInstance: {fileID: 8876216708430628788}
  m_PrefabAsset: {fileID: 0}
--- !u!95 &2631251552178554574 stripped
Animator:
  m_CorrespondingSourceObject: {fileID: 6893530304853131642, guid: 1ecf1190a23415b4fb6fc95487d9d4a0,
    type: 3}
  m_PrefabInstance: {fileID: 8876216708430628788}
  m_PrefabAsset: {fileID: 0}
--- !u!114 &4068925111343827443 stripped
MonoBehaviour:
  m_CorrespondingSourceObject: {fileID: 4852929614633619015, guid: 1ecf1190a23415b4fb6fc95487d9d4a0,
    type: 3}
  m_PrefabInstance: {fileID: 8876216708430628788}
  m_PrefabAsset: {fileID: 0}
  m_GameObject: {fileID: 0}
  m_Enabled: 1
  m_EditorHideFlags: 0
  m_Script: {fileID: 11500000, guid: e5ca3a3a439a86f4580fba0892d52dd2, type: 3}
  m_Name: 
  m_EditorClassIdentifier: 
