%YAML 1.1
%TAG !u! tag:unity3d.com,2011:
--- !u!244 &-7705411365453290622
AudioMixerEffectController:
  m_ObjectHideFlags: 3
  m_CorrespondingSourceObject: {fileID: 0}
  m_PrefabInstance: {fileID: 0}
  m_PrefabAsset: {fileID: 0}
  m_Name: 
  m_EffectID: deea5f39f7f16514d9cda9cfe680cf14
  m_EffectName: Attenuation
  m_MixLevel: 67191dbc01dc9e8438ecf97b8f4c7025
  m_Parameters: []
  m_SendTarget: {fileID: 0}
  m_EnableWetMix: 0
  m_Bypass: 0
--- !u!243 &-3080244442568713943
AudioMixerGroupController:
  m_ObjectHideFlags: 0
  m_CorrespondingSourceObject: {fileID: 0}
  m_PrefabInstance: {fileID: 0}
  m_PrefabAsset: {fileID: 0}
  m_Name: Sounds
  m_AudioMixer: {fileID: 24100000}
  m_GroupID: 8a0c942f39006e040be15879683ce271
  m_Children: []
  m_Volume: 8cb30db4a2a0c82428928e18f89dd73d
  m_Pitch: eac461bd536e6a64885b5c571a851c76
  m_Send: 00000000000000000000000000000000
  m_Effects:
  - {fileID: -1211045046870366242}
  m_UserColorIndex: 0
  m_Mute: 0
  m_Solo: 0
  m_BypassEffects: 0
--- !u!244 &-1211045046870366242
AudioMixerEffectController:
  m_ObjectHideFlags: 3
  m_CorrespondingSourceObject: {fileID: 0}
  m_PrefabInstance: {fileID: 0}
  m_PrefabAsset: {fileID: 0}
  m_Name: 
  m_EffectID: 88a97bd67caf89242ae8c2d32bfef68e
  m_EffectName: Attenuation
  m_MixLevel: 71feb978cdae43d47ab3eff301209c21
  m_Parameters: []
  m_SendTarget: {fileID: 0}
  m_EnableWetMix: 0
  m_Bypass: 0
--- !u!241 &24100000
AudioMixerController:
  m_ObjectHideFlags: 0
  m_CorrespondingSourceObject: {fileID: 0}
  m_PrefabInstance: {fileID: 0}
  m_PrefabAsset: {fileID: 0}
  m_Name: AudioMixer
  m_OutputGroup: {fileID: 0}
  m_MasterGroup: {fileID: 24300002}
  m_Snapshots:
  - {fileID: 24500006}
  m_StartSnapshot: {fileID: 24500006}
  m_SuspendThreshold: -80
  m_EnableSuspend: 1
  m_UpdateMode: 0
  m_ExposedParameters:
  - guid: 0bbd86ada92311b4aa767ab1f711f443
    name: VolumeMusic
  - guid: 8cb30db4a2a0c82428928e18f89dd73d
    name: VolumeSounds
  m_AudioMixerGroupViews:
  - guids:
    - 3312f1eeb05ab564390ac24a45ed414f
    - 350cae244c426b0469f0c6c41c951c9d
    - 8a0c942f39006e040be15879683ce271
    name: View
  m_CurrentViewIndex: 0
  m_TargetSnapshot: {fileID: 24500006}
--- !u!243 &24300002
AudioMixerGroupController:
  m_ObjectHideFlags: 0
  m_CorrespondingSourceObject: {fileID: 0}
  m_PrefabInstance: {fileID: 0}
  m_PrefabAsset: {fileID: 0}
  m_Name: Master
  m_AudioMixer: {fileID: 24100000}
  m_GroupID: 3312f1eeb05ab564390ac24a45ed414f
  m_Children:
  - {fileID: -3080244442568713943}
  - {fileID: 130714547636844623}
  m_Volume: f6e9194807fe6f9468f2100db558a9a4
  m_Pitch: 472022a3ba90696419cbb82a1216c8e8
  m_Send: 00000000000000000000000000000000
  m_Effects:
  - {fileID: 24400004}
  m_UserColorIndex: 0
  m_Mute: 0
  m_Solo: 0
  m_BypassEffects: 0
--- !u!244 &24400004
AudioMixerEffectController:
  m_ObjectHideFlags: 3
  m_CorrespondingSourceObject: {fileID: 0}
  m_PrefabInstance: {fileID: 0}
  m_PrefabAsset: {fileID: 0}
  m_Name: 
  m_EffectID: 40c484d7ae752534ea2cfc3da62d9a32
  m_EffectName: Attenuation
  m_MixLevel: 1db20ddca4ae2d845ade41bb2ff72c05
  m_Parameters: []
  m_SendTarget: {fileID: 0}
  m_EnableWetMix: 0
  m_Bypass: 0
--- !u!245 &24500006
AudioMixerSnapshotController:
  m_ObjectHideFlags: 0
  m_CorrespondingSourceObject: {fileID: 0}
  m_PrefabInstance: {fileID: 0}
  m_PrefabAsset: {fileID: 0}
  m_Name: Snapshot
  m_AudioMixer: {fileID: 24100000}
  m_SnapshotID: 40f9ef41a80e1e64599464304cb72877
  m_FloatValues:
    0bbd86ada92311b4aa767ab1f711f443: -22.003613
  m_TransitionOverrides: {}
--- !u!243 &130714547636844623
AudioMixerGroupController:
  m_ObjectHideFlags: 0
  m_CorrespondingSourceObject: {fileID: 0}
  m_PrefabInstance: {fileID: 0}
  m_PrefabAsset: {fileID: 0}
  m_Name: Music
  m_AudioMixer: {fileID: 24100000}
  m_GroupID: 350cae244c426b0469f0c6c41c951c9d
  m_Children: []
  m_Volume: 0bbd86ada92311b4aa767ab1f711f443
  m_Pitch: ed4e3768d5e8d81489f7d86be04068f1
  m_Send: 00000000000000000000000000000000
  m_Effects:
  - {fileID: -7705411365453290622}
  m_UserColorIndex: 0
  m_Mute: 0
  m_Solo: 0
  m_BypassEffects: 0
